include ../../../preludes/self.alternatives.journal

2023-09-01 opening balances  ; time: 00:00:00, timezone: UTC+08:00
    assets:digital:GREEN@COMMMUNITY:1683f1aa-61c7-43cc-b9f3-58da24a81704           44 GREEN$ = 44 GREEN$
    assets:digital:SheepIt Render Farm:polyipseity                          4 699 652. _PT/A = 4 699 652 _PT/A
    assets:recycables                                                             0.037 _OPL = 0.037 _OPL
    assets:recycables                                                             0.092 _PLA = 0.092 _PLA
    equity:conversions:GREEN$-_MET:GREEN$                                          -9 GREEN$ = -9 GREEN$
    equity:conversions:GREEN$-_MET:_MET                                           1.161 _MET = 1.161 _MET
    equity:conversions:GREEN$-_OPL:_OPL                                           0.123 _OPL = 0.123 _OPL
    equity:conversions:GREEN$-_PAP:GREEN$                                          -3 GREEN$ = -3 GREEN$
    equity:conversions:GREEN$-_PAP:_PAP                                           0.248 _PAP = 0.248 _PAP
    equity:conversions:GREEN$-_PLA:GREEN$                                         -32 GREEN$ = -32 GREEN$
    equity:conversions:GREEN$-_PLA:_PLA                                           0.552 _PLA = 0.552 _PLA
    equity:opening/closing balances
    [assets:digital:SheepIt Render Farm:polyipseity]                            36 935. _FRM = 36 935 _FRM
    [equity:opening/closing balances]

2023-09-01 SheepIt Render Farm  ; activity: compute, compute: GPU, duration: PT39M12S, time: 09:21:48, timezone: UTC+08:00
    assets:digital:SheepIt Render Farm:polyipseity      24 083. _PT/A = 4 723 735 _PT/A
    revenues:compute:SheepIt Render Farm
    [expenses:compute:SheepIt Render Farm]                     1 _FRM
    [assets:digital:SheepIt Render Farm:polyipseity]

2023-09-01 SheepIt Render Farm  ; activity: compute, compute: GPU, duration: PT12H31M35S, time: 10:33:49, timezone: UTC+08:00
    assets:digital:SheepIt Render Farm:polyipseity      174 250. _PT/A = 4 897 985 _PT/A
    revenues:compute:SheepIt Render Farm
    [expenses:compute:SheepIt Render Farm]                    110 _FRM
    [assets:digital:SheepIt Render Farm:polyipseity]

2023-09-02 SheepIt Render Farm  ; activity: compute, compute: GPU, duration: PT5H2M45S, time: 07:11:29, timezone: UTC+08:00
    assets:digital:SheepIt Render Farm:polyipseity      204 143. _PT/A = 5 102 128 _PT/A
    revenues:compute:SheepIt Render Farm
    [expenses:compute:SheepIt Render Farm]                     11 _FRM
    [assets:digital:SheepIt Render Farm:polyipseity]

2023-09-02 SheepIt Render Farm  ; activity: compute, compute: GPU, duration: PT1H21M38S, time: 13:19:47, timezone: UTC+08:00
    assets:digital:SheepIt Render Farm:polyipseity      26 429. _PT/A = 5 128 557 _PT/A
    revenues:compute:SheepIt Render Farm
    [expenses:compute:SheepIt Render Farm]                     9 _FRM
    [assets:digital:SheepIt Render Farm:polyipseity]

2023-09-02 SheepIt Render Farm  ; activity: compute, compute: GPU, duration: PT1H14M46S, time: 15:16:44, timezone: UTC+08:00
    assets:digital:SheepIt Render Farm:polyipseity      6 824. _PT/A = 5 135 381 _PT/A
    revenues:compute:SheepIt Render Farm
    [expenses:compute:SheepIt Render Farm]                    3 _FRM
    [assets:digital:SheepIt Render Farm:polyipseity]

2023-09-02 self  ; activity: collect, time: 21:27:23, timezone: UTC+08:00
    revenues:recycables:education     -0.024 _PAP  ; collect: 5 pieces of paper
    assets:recycables

2023-09-02 SheepIt Render Farm  ; activity: compute, compute: GPU, duration: PT6H33M8S, time: 16:33:43, timezone: UTC+08:00
    assets:digital:SheepIt Render Farm:polyipseity      20 364. _PT/A = 5 155 745 _PT/A
    revenues:compute:SheepIt Render Farm
    [expenses:compute:SheepIt Render Farm]                    69 _FRM
    [assets:digital:SheepIt Render Farm:polyipseity]

2023-09-02 SheepIt Render Farm  ; activity: compute, compute: GPU, duration: PT39M52S, time: 23:34:47, timezone: UTC+08:00
    assets:digital:SheepIt Render Farm:polyipseity      25 709. _PT/A = 5 181 454 _PT/A
    revenues:compute:SheepIt Render Farm
    [expenses:compute:SheepIt Render Farm]                     3 _FRM
    [assets:digital:SheepIt Render Farm:polyipseity]

2023-09-03 SheepIt Render Farm  ; activity: compute, compute: GPU, duration: PT2H34M20S, time: 09:29:29, timezone: UTC+08:00
    assets:digital:SheepIt Render Farm:polyipseity      102 160. _PT/A = 5 283 614 _PT/A
    revenues:compute:SheepIt Render Farm
    [expenses:compute:SheepIt Render Farm]                     16 _FRM
    [assets:digital:SheepIt Render Farm:polyipseity]

2023-09-03 GREEN@*  ; activity: recycle, duration: PT1M57S, time: 11:11:19, timezone: UTC+08:00
    assets:recycables                                                        -0.037 _OPL = 0.000 _OPL
    assets:recycables                                                        -0.024 _PAP = 0.000 _PAP
    assets:recycables                                                        -0.092 _PLA = 0.000 _PLA
    equity:conversions:GREEN$-_PAP:_PAP                                       0.024 _PAP  ; rate: 10, rate: unit 0.1, recycle: 5 pieces of paper, time: 11:11:19, timezone: UTC+08:00
    equity:conversions:GREEN$-_PAP:GREEN$                                              0
    equity:conversions:GREEN$-_PLA:_PLA                                       0.092 _PLA  ; rate: 80, rate: unit 0.1, recycle: 4 plastic bottles, time: 11:12:39, timezone: UTC+08:00
    equity:conversions:GREEN$-_PLA:GREEN$                                              0
    equity:conversions:GREEN$-_OPL:_OPL                                       0.037 _OPL  ; rate: 10, rate: unit 0.1, recycle: 1 plastic bag, recycle: 10 other plastics, time: 11:13:16, timezone: UTC+08:00
    equity:conversions:GREEN$-_OPL:GREEN$                                              0
    assets:digital:GREEN@COMMMUNITY:1683f1aa-61c7-43cc-b9f3-58da24a81704

2023-09-03 SheepIt Render Farm  ; activity: compute, compute: GPU, duration: PT6H22M13S, time: 16:11:30, timezone: UTC+08:00
    assets:digital:SheepIt Render Farm:polyipseity      181 951. _PT/A = 5 465 565 _PT/A
    revenues:compute:SheepIt Render Farm
    [expenses:compute:SheepIt Render Farm]                    121 _FRM
    [assets:digital:SheepIt Render Farm:polyipseity]

2023-09-04 SheepIt Render Farm  ; activity: compute, compute: GPU, duration: PT1H54M56S, time: 06:29:41, timezone: UTC+08:00
    assets:digital:SheepIt Render Farm:polyipseity      35 244. _PT/A = 5 500 809 _PT/A
    revenues:compute:SheepIt Render Farm
    [expenses:compute:SheepIt Render Farm]                    94 _FRM
    [assets:digital:SheepIt Render Farm:polyipseity]

2023-09-04 SheepIt Render Farm  ; activity: compute, compute: GPU, duration: PT6H58M9S, time: 16:48:22, timezone: UTC+08:00
    assets:digital:SheepIt Render Farm:polyipseity      134 874. _PT/A = 5 635 683 _PT/A
    revenues:compute:SheepIt Render Farm
    [expenses:compute:SheepIt Render Farm]                    217 _FRM
    [assets:digital:SheepIt Render Farm:polyipseity]

2023-09-05 SheepIt Render Farm  ; activity: compute, compute: GPU, duration: PT4H31M53S, time: 08:27:27, timezone: UTC+08:00
    assets:digital:SheepIt Render Farm:polyipseity      49 514. _PT/A = 5 685 197 _PT/A
    revenues:compute:SheepIt Render Farm
    [expenses:compute:SheepIt Render Farm]                    48 _FRM
    [assets:digital:SheepIt Render Farm:polyipseity]

2023-09-05 SheepIt Render Farm  ; activity: compute, compute: GPU, duration: PT5H7M39S, time: 19:25:58, timezone: UTC+08:00
    assets:digital:SheepIt Render Farm:polyipseity      214 542. _PT/A = 5 899 739 _PT/A
    revenues:compute:SheepIt Render Farm
    [expenses:compute:SheepIt Render Farm]                     21 _FRM
    [assets:digital:SheepIt Render Farm:polyipseity]

2023-09-06 SheepIt Render Farm  ; activity: compute, compute: GPU, duration: PT6H54M36S, time: 19:16:46, timezone: UTC+08:00
    assets:digital:SheepIt Render Farm:polyipseity      186 165. _PT/A = 6 085 904 _PT/A
    revenues:compute:SheepIt Render Farm
    [expenses:compute:SheepIt Render Farm]                    131 _FRM
    [assets:digital:SheepIt Render Farm:polyipseity]

2023-09-07 SheepIt Render Farm  ; activity: compute, compute: GPU, duration: PT5H5M51S, time: 07:47:07, timezone: UTC+08:00
    assets:digital:SheepIt Render Farm:polyipseity      164 417. _PT/A = 6 250 321 _PT/A
    revenues:compute:SheepIt Render Farm
    [expenses:compute:SheepIt Render Farm]                    179 _FRM
    [assets:digital:SheepIt Render Farm:polyipseity]

2023-09-07 SheepIt Render Farm  ; activity: compute, compute: GPU, duration: PT45M29S, time: 15:33:28, timezone: UTC+08:00
    assets:digital:SheepIt Render Farm:polyipseity      12 542. _PT/A = 6 262 863 _PT/A
    revenues:compute:SheepIt Render Farm
    [expenses:compute:SheepIt Render Farm]                    16 _FRM
    [assets:digital:SheepIt Render Farm:polyipseity]

2023-09-07 SheepIt Render Farm  ; activity: compute, compute: GPU, duration: PT2H22S, time: 18:36:20, timezone: UTC+08:00
    assets:digital:SheepIt Render Farm:polyipseity      65 914. _PT/A = 6 328 777 _PT/A
    revenues:compute:SheepIt Render Farm
    [expenses:compute:SheepIt Render Farm]                    47 _FRM
    [assets:digital:SheepIt Render Farm:polyipseity]

2023-09-08 SheepIt Render Farm  ; activity: compute, compute: GPU, duration: PT15H14M, time: 09:26:00, timezone: UTC+08:00
    assets:digital:SheepIt Render Farm:polyipseity      374 022. _PT/A = 6 702 799 _PT/A
    revenues:compute:SheepIt Render Farm
    [expenses:compute:SheepIt Render Farm]                    605 _FRM
    [assets:digital:SheepIt Render Farm:polyipseity]

2023-09-08 self  ; activity: collect, duration: PT6H, time: 15, timezone: UTC+08:00
    revenues:recycables:education     -4.741 _PAP  ; collect: paper from secondary schools
    assets:recycables

2023-09-08 b0d2d642-7692-421f-bd20-4d03911caa54  ; activity: collect, duration: PT4H, time: 18:00, timezone: UTC+08:00, via: 3833b42e-dad3-425c-b254-904be68993e4
    revenues:recycables:food and drinks     -0.187 _MET  ; collect: 13 drink cans
    revenues:recycables:food and drinks     -0.051 _PLA  ; collect: 2 plastic bottles
    assets:recycables

2023-09-09 SheepIt Render Farm  ; activity: compute, compute: GPU, duration: PT4H6S, time: 08:55:53, timezone: UTC+08:00
    assets:digital:SheepIt Render Farm:polyipseity      100 330. _PT/A = 6 803 129 _PT/A
    revenues:compute:SheepIt Render Farm
    [expenses:compute:SheepIt Render Farm]                     43 _FRM
    [assets:digital:SheepIt Render Farm:polyipseity]

2023-09-09 6ff58fb3-4579-4533-aab9-8575033136c7  ; activity: collect, duration: PT8H10M, time: 12:30, timezone: UTC+08:00
    revenues:recycables:food and drinks     -0.069 _OPL  ; collect: 4 plastic bags, collect: 9 other plastics
    revenues:recycables:food and drinks     -0.082 _PAP  ; collect: 3 cardboards
    assets:recycables

2023-09-09 SheepIt Render Farm  ; activity: compute, compute: GPU, duration: PT3H11M56S, time: 21:45:08, timezone: UTC+08:00
    assets:digital:SheepIt Render Farm:polyipseity      31 532. _PT/A = 6 834 661 _PT/A
    revenues:compute:SheepIt Render Farm
    [expenses:compute:SheepIt Render Farm]                   284 _FRM
    [assets:digital:SheepIt Render Farm:polyipseity]

2023-09-10 SheepIt Render Farm  ; activity: compute, compute: GPU, duration: PT1H44M12S, time: 07:51:13, timezone: UTC+08:00
    assets:digital:SheepIt Render Farm:polyipseity      39 877. _PT/A = 6 874 538 _PT/A
    revenues:compute:SheepIt Render Farm
    [expenses:compute:SheepIt Render Farm]                   115 _FRM
    [assets:digital:SheepIt Render Farm:polyipseity]

2023-09-10 SheepIt Render Farm  ; activity: compute, compute: GPU, duration: PT7H14M14S, time: 13:45:46, timezone: UTC+08:00
    assets:digital:SheepIt Render Farm:polyipseity      271 077. _PT/A = 7 145 615 _PT/A
    revenues:compute:SheepIt Render Farm
    [expenses:compute:SheepIt Render Farm]                    134 _FRM
    [assets:digital:SheepIt Render Farm:polyipseity]

2023-09-10 self  ; activity: collect, duration: PT6H, time: 15, timezone: UTC+08:00
    revenues:recycables:education     -0.143 _MET  ; collect: 1 metal container
    assets:recycables

2023-09-10 GREEN@*  ; activity: recycle, duration: PT44S, time: 18:59:09, timezone: UTC+08:00
    assets:recycables                                                        -0.330 _MET = 0.000 _MET
    assets:recycables                                                        -0.012 _OPL = 0.057 _OPL
    assets:recycables                                                        -4.823 _PAP = 0.000 _PAP
    equity:conversions:GREEN$-_PAP:_PAP                                       4.823 _PAP  ; rate: 10, rate: unit 0.1, recycle: 3 cardboards, recycle: paper from secondary schools, time: 18:59:09, timezone: UTC+08:00
    equity:conversions:GREEN$-_PAP:GREEN$                                     -48 GREEN$
    equity:conversions:GREEN$-_MET:_MET                                       0.330 _MET  ; rate: 10, rate: unit 0.1, recycle: 1 metal container, recycle: 13 drink cans, time: 18:59:32, timezone: UTC+08:00
    equity:conversions:GREEN$-_MET:GREEN$                                      -2 GREEN$
    equity:conversions:GREEN$-_OPL:_OPL                                       0.012 _OPL  ; rate: 10, rate: unit 0.1, recycle: 4 plastic bags, time: 18:59:53, timezone: UTC+08:00
    equity:conversions:GREEN$-_OPL:GREEN$                                              0
    assets:digital:GREEN@COMMMUNITY:1683f1aa-61c7-43cc-b9f3-58da24a81704

2023-09-11 SheepIt Render Farm  ; activity: compute, compute: GPU, duration: PT1H42M20S, time: 13:30:38, timezone: UTC+08:00
    assets:digital:SheepIt Render Farm:polyipseity      21 873. _PT/A = 7 167 488 _PT/A
    revenues:compute:SheepIt Render Farm
    [expenses:compute:SheepIt Render Farm]                    97 _FRM
    [assets:digital:SheepIt Render Farm:polyipseity]

2023-09-11 SheepIt Render Farm  ; activity: compute, compute: GPU, duration: PT3H19M16S, time: 22:04:22, timezone: UTC+08:00
    assets:digital:SheepIt Render Farm:polyipseity      110 785. _PT/A = 7 278 273 _PT/A
    revenues:compute:SheepIt Render Farm
    [expenses:compute:SheepIt Render Farm]                    159 _FRM
    [assets:digital:SheepIt Render Farm:polyipseity]

2023-09-12 SheepIt Render Farm  ; activity: compute, compute: GPU, duration: PT7H19M43S, time: 07:20:23, timezone: UTC+08:00
    assets:digital:SheepIt Render Farm:polyipseity      241 293. _PT/A = 7 519 566 _PT/A
    revenues:compute:SheepIt Render Farm
    [expenses:compute:SheepIt Render Farm]                     85 _FRM
    [assets:digital:SheepIt Render Farm:polyipseity]

2023-09-12 SheepIt Render Farm  ; activity: compute, compute: GPU, duration: PT4H58M52S, time: 20:12:20, timezone: UTC+08:00
    assets:digital:SheepIt Render Farm:polyipseity      150 293. _PT/A = 7 669 859 _PT/A
    revenues:compute:SheepIt Render Farm
    [expenses:compute:SheepIt Render Farm]                    244 _FRM
    [assets:digital:SheepIt Render Farm:polyipseity]

2023-09-13 SheepIt Render Farm  ; activity: compute, compute: GPU, duration: PT8H4M15S, time: 01:14:20, timezone: UTC+08:00
    assets:digital:SheepIt Render Farm:polyipseity      370 981. _PT/A = 8 040 840 _PT/A
    revenues:compute:SheepIt Render Farm
    [expenses:compute:SheepIt Render Farm]                     66 _FRM
    [assets:digital:SheepIt Render Farm:polyipseity]

2023-09-13 SheepIt Render Farm  ; activity: compute, compute: GPU, duration: PT56M2S, time: 12:49:27, timezone: UTC+08:00
    assets:digital:SheepIt Render Farm:polyipseity      10 879. _PT/A = 8 051 719 _PT/A
    revenues:compute:SheepIt Render Farm
    [expenses:compute:SheepIt Render Farm]                    18 _FRM
    [assets:digital:SheepIt Render Farm:polyipseity]

2023-09-13 SheepIt Render Farm  ; activity: compute, compute: GPU, duration: PT14H35M8S, time: 20:13:45, timezone: UTC+08:00
    assets:digital:SheepIt Render Farm:polyipseity      320 670. _PT/A = 8 372 389 _PT/A
    revenues:compute:SheepIt Render Farm
    [expenses:compute:SheepIt Render Farm]                    253 _FRM
    [assets:digital:SheepIt Render Farm:polyipseity]

2023-09-15 SheepIt Render Farm  ; activity: compute, compute: GPU, duration: PT8H40M56S, time: 07:24:19, timezone: UTC+08:00
    assets:digital:SheepIt Render Farm:polyipseity      211 983. _PT/A = 8 584 372 _PT/A
    revenues:compute:SheepIt Render Farm
    [expenses:compute:SheepIt Render Farm]                    180 _FRM
    [assets:digital:SheepIt Render Farm:polyipseity]

2023-09-16 SheepIt Render Farm  ; activity: compute, compute: GPU, duration: PT4H30M35S, time: 08:26:40, timezone: UTC+08:00
    assets:digital:SheepIt Render Farm:polyipseity      59 093. _PT/A = 8 643 465 _PT/A
    revenues:compute:SheepIt Render Farm
    [expenses:compute:SheepIt Render Farm]                    13 _FRM
    [assets:digital:SheepIt Render Farm:polyipseity]

2023-09-16 7e049a63-ac77-450b-a5f1-4d9a984421dd  ; activity: collect, duration: -P15DT12H39M50S, time: 12:39:50, timezone: UTC+08:00
    revenues:recycables:food and drinks     -0.024 _BEC  ; collect: 2 Tetra Pak beverage cartons
    revenues:recycables:food and drinks     -0.018 _MET  ; collect: 1 drink can
    revenues:recycables:food and drinks     -0.128 _OPL  ; collect: 1 plastic bag, collect: 26 other plastics
    assets:recycables

2023-09-16 7e049a63-ac77-450b-a5f1-4d9a984421dd  ; activity: collect, time: 23:30, timezone: UTC+08:00
    revenues:recycables:personal care     -0.026 _OPL  ; collect: 1 other plastic
    revenues:recycables:personal care     -0.080 _PLA  ; collect: 1 plastic bottle
    assets:recycables

2023-09-17 SheepIt Render Farm  ; activity: compute, compute: GPU, duration: PT8H15M51S, time: 12:51:49, timezone: UTC+08:00
    assets:digital:SheepIt Render Farm:polyipseity      145 339. _PT/A = 8 788 804 _PT/A
    revenues:compute:SheepIt Render Farm
    [expenses:compute:SheepIt Render Farm]                    252 _FRM
    [assets:digital:SheepIt Render Farm:polyipseity]

2023-09-17 SheepIt Render Farm  ; activity: compute, compute: GPU, duration: PT9H57M56S, time: 22:44:01, timezone: UTC+08:00
    assets:digital:SheepIt Render Farm:polyipseity      198 442. _PT/A = 8 987 246 _PT/A
    revenues:compute:SheepIt Render Farm
    [expenses:compute:SheepIt Render Farm]                    113 _FRM
    [assets:digital:SheepIt Render Farm:polyipseity]

2023-09-18 SheepIt Render Farm  ; activity: compute, compute: GPU, duration: P2H12M28S, time: 12:53:03, timezone: UTC+08:00
    assets:digital:SheepIt Render Farm:polyipseity      80 290. _PT/A = 9 067 536 _PT/A
    revenues:compute:SheepIt Render Farm
    [expenses:compute:SheepIt Render Farm]                     9 _FRM
    [assets:digital:SheepIt Render Farm:polyipseity]

2023-09-18 SheepIt Render Farm  ; activity: compute, compute: GPU, duration: P1DT1M56S, time: 16:25:41, timezone: UTC+08:00
    assets:digital:SheepIt Render Farm:polyipseity      408 891. _PT/A = 9 476 427 _PT/A
    revenues:compute:SheepIt Render Farm
    [expenses:compute:SheepIt Render Farm]                    248 _FRM
    [assets:digital:SheepIt Render Farm:polyipseity]

2023-09-19 SheepIt Render Farm  ; activity: compute, compute: GPU, duration: PT12H16M5S, time: 20:18:20, timezone: UTC+08:00
    assets:digital:SheepIt Render Farm:polyipseity      142 747. _PT/A = 9 619 174 _PT/A
    revenues:compute:SheepIt Render Farm
    [expenses:compute:SheepIt Render Farm]                    160 _FRM
    [assets:digital:SheepIt Render Farm:polyipseity]

2023-09-20 SheepIt Render Farm  ; activity: compute, compute: GPU, duration: PT14H54M10S, time: 19:29:50, timezone: UTC+08:00
    assets:digital:SheepIt Render Farm:polyipseity      353 200. _PT/A = 9 972 374 _PT/A
    revenues:compute:SheepIt Render Farm
    [expenses:compute:SheepIt Render Farm]                    207 _FRM
    [assets:digital:SheepIt Render Farm:polyipseity]

2023-09-21 (666743) SheepIt Render Farm  ; activity: compute, compute: GPU, duration: PT1H36M, time: 08:41:31, timezone: UTC+08:00
    assets:digital:SheepIt Render Farm:polyipseity      -7 934. _PT/A = 9 964 440 _PT/A
    expenses:compute:SheepIt Render Farm
    [revenues:compute:SheepIt Render Farm]                  -140 _FRM
    [assets:digital:SheepIt Render Farm:polyipseity]

2023-09-21 (666744) SheepIt Render Farm  ; activity: compute, compute: GPU, duration: PT4H47M, time: 11:12:44, timezone: UTC+08:00
    assets:digital:SheepIt Render Farm:polyipseity      -173 623. _PT/A = 9 790 817 _PT/A
    expenses:compute:SheepIt Render Farm
    [revenues:compute:SheepIt Render Farm]                 -2 820. _FRM
    [assets:digital:SheepIt Render Farm:polyipseity]

2023-09-21 b0d2d642-7692-421f-bd20-4d03911caa54  ; activity: collect, duration: -P4D, time: 23, timezone: UTC+08:00, via: 3833b42e-dad3-425c-b254-904be68993e4
    revenues:recycables:food and drinks     -0.403 _MET  ; collect: 27 drink cans
    revenues:recycables:food and drinks     -0.013 _OPL  ; collect: 1 plastic bag, collect: 2 other plastics
    revenues:recycables:food and drinks     -0.066 _PLA  ; collect: 2 plastic bottles
    assets:recycables

2023-09-21 7e049a63-ac77-450b-a5f1-4d9a984421dd  ; activity: collect, duration: -P4DT4H, time: 23, timezone: UTC+08:00
    revenues:recycables:food and drinks     -0.030 _BEC  ; collect: 2 beverage cartons
    revenues:recycables:food and drinks     -0.042 _MET  ; collect: 3 drink cans
    revenues:recycables:food and drinks     -0.105 _OPL  ; collect: 1 plastic bag, collect: 22 other plastics
    assets:recycables

2023-09-21 SF Express  ; activity: collect, time: 23:20, timezone: UTC+08:00
    revenues:recycables:packaging     -0.456 _PAP  ; collect: 1 cardboard box
    assets:recycables

2023-09-22 self  ; activity: collect, time: 09, timezone: UTC+08:00
    revenues:recycables:food and drinks     -0.013 _BEC  ; collect: 1 beverage carton
    revenues:recycables:food and drinks     -0.005 _OPL  ; collect: 2 other plastics
    assets:recycables

2023-09-22 GREEN@*  ; activity: recycle, duration: PT1M19S, time: 15:49:37, timezone: UTC+08:00
    assets:recycables                                                        -0.463 _MET = 0.000 _MET
    assets:recycables                                                        -0.334 _OPL = 0.000 _OPL
    assets:recycables                                                        -0.456 _PAP = 0.000 _PAP
    equity:conversions:GREEN$-_MET:_MET                                       0.463 _MET  ; rate: 10, rate: unit 0.1, recycle: all metals, time: 15:49:37, timezone: UTC+08:00
    equity:conversions:GREEN$-_MET:GREEN$                                      -2 GREEN$
    equity:conversions:GREEN$-_OPL:_OPL                                       0.334 _OPL  ; rate: 10, rate: unit 0.1, recycle: all other plastics, time: 15:50:06, timezone: UTC+08:00
    equity:conversions:GREEN$-_OPL:GREEN$                                      -3 GREEN$
    equity:conversions:GREEN$-_PAP:_PAP                                       0.456 _PAP  ; rate: 10, rate: unit 0.1, recycle: all paper, time: 15:50:56, timezone: UTC+08:00
    equity:conversions:GREEN$-_PAP:GREEN$                                      -4 GREEN$
    assets:digital:GREEN@COMMMUNITY:1683f1aa-61c7-43cc-b9f3-58da24a81704

2023-09-22 SheepIt Render Farm  ; activity: compute, compute: GPU, duration: P2DT12H54M9S, time: 07:49:31, timezone: UTC+08:00
    assets:digital:SheepIt Render Farm:polyipseity      1 314 637. _PT/A = 11 105 454 _PT/A
    revenues:compute:SheepIt Render Farm
    [expenses:compute:SheepIt Render Farm]                   1 242. _FRM
    [assets:digital:SheepIt Render Farm:polyipseity]

2023-09-22 6ff58fb3-4579-4533-aab9-8575033136c7  ; activity: collect, duration: PT5H48M, time: 16:00, timezone: UTC+08:00
    revenues:recycables:food and drinks     -0.020 _OPL  ; collect: 1 plastic bag, collect: 6 other plastics
    revenues:recycables:food and drinks     -0.134 _PLA  ; collect: 6 plastic bottles
    assets:recycables

2023-09-22 b0d2d642-7692-421f-bd20-4d03911caa54  ; activity: collect, duration: PT3H30M, time: 19:00, timezone: UTC+08:00, via: 3833b42e-dad3-425c-b254-904be68993e4
    revenues:recycables:food and drinks     -0.038 _PLA  ; collect: 1 plastic bottle
    assets:recycables

2023-09-23 self  ; activity: collect, time: 08, timezone: UTC+08:00
    revenues:recycables:food and drinks     -0.017 _BEC  ; collect: 1 beverage carton
    assets:recycables

2023-09-23 6ff58fb3-4579-4533-aab9-8575033136c7  ; activity: collect, duration: PT7H6M37S, time: 12:00:00, timezone: UTC+08:00
    revenues:recycables:food and drinks     -0.023 _OPL  ; collect: 4 other plastics
    revenues:recycables:food and drinks     -0.026 _PLA  ; collect: 1 plastic bottle
    assets:recycables

2023-09-24 self  ; activity: collect, duration: PT41M, time: 08:30, timezone: UTC+08:00
    revenues:recycables:food and drinks     -0.011 _OPL  ; collect: 1 other plastic
    assets:recycables

2023-09-24 2cef1acf-32e6-45bc-b261-d7378f136ded  ; activity: collect, duration: PT1H38M44S, time: 11:35:00, timezone: UTC+08:00
    revenues:recycables:food and drinks     -0.002 _OPL  ; collect: 1 other plastic
    revenues:recycables:food and drinks     -0.026 _PLA  ; collect: 1 plastic bottle
    assets:recycables

2023-09-24 b0d2d642-7692-421f-bd20-4d03911caa54  ; activity: collect, duration: PT4H, time: 10, timezone: UTC+08:00, via: 3833b42e-dad3-425c-b254-904be68993e4
    revenues:recycables:food and drinks     -0.002 _OPL  ; collect: 1 other plastic
    revenues:recycables:food and drinks     -0.050 _PLA  ; collect: 2 plastic bottles
    assets:recycables

2023-09-24 GREEN@*  ; activity: recycle, time: 18:54:12, timezone: UTC+08:00
    assets:recycables                                                        -0.471 _PLA = 0.000 _PLA
    equity:conversions:GREEN$-_PLA:_PLA                                       0.471 _PLA  ; rate: 80, rate: unit 0.1, recycle: all plastics, time: 18:54:12, timezone: UTC+08:00
    equity:conversions:GREEN$-_PLA:GREEN$                                     -32 GREEN$
    assets:digital:GREEN@COMMMUNITY:1683f1aa-61c7-43cc-b9f3-58da24a81704

2023-09-24 SheepIt Render Farm  ; activity: compute, compute: GPU, duration: PT10H53M18S, time: 23:18:20, timezone: UTC+08:00
    assets:digital:SheepIt Render Farm:polyipseity      281 493. _PT/A = 11 386 947 _PT/A
    revenues:compute:SheepIt Render Farm
    [expenses:compute:SheepIt Render Farm]                    212 _FRM
    [assets:digital:SheepIt Render Farm:polyipseity]

2023-09-25 SheepIt Render Farm  ; activity: compute, compute: GPU, duration: PT11H44M21S, time: 21:20:06, timezone: UTC+08:00
    assets:digital:SheepIt Render Farm:polyipseity      307 070. _PT/A = 11 694 017 _PT/A
    revenues:compute:SheepIt Render Farm
    [expenses:compute:SheepIt Render Farm]                    167 _FRM
    [assets:digital:SheepIt Render Farm:polyipseity]

2023-09-26 SheepIt Render Farm  ; activity: compute, compute: GPU, duration: PT9H41M39S, time: 23:14:50, timezone: UTC+08:00
    assets:digital:SheepIt Render Farm:polyipseity      89 240. _PT/A = 11 783 257 _PT/A
    revenues:compute:SheepIt Render Farm
    [expenses:compute:SheepIt Render Farm]                   142 _FRM
    [assets:digital:SheepIt Render Farm:polyipseity]

2023-09-28 SheepIt Render Farm  ; activity: compute, compute: GPU, duration: PT10H18M13S, time: 01:27:08, timezone: UTC+08:00
    assets:digital:SheepIt Render Farm:polyipseity      213 555. _PT/A = 11 996 812 _PT/A
    revenues:compute:SheepIt Render Farm
    [expenses:compute:SheepIt Render Farm]                    163 _FRM
    [assets:digital:SheepIt Render Farm:polyipseity]

2023-09-28 7e049a63-ac77-450b-a5f1-4d9a984421dd  ; activity: collect, duration: -P4DT4H, time: 23, timezone: UTC+08:00
    revenues:recycables:food and drinks     -0.016 _BEC  ; collect: 1 beverage carton
    revenues:recycables:food and drinks     -0.052 _MET  ; collect: 4 drink cans
    revenues:recycables:food and drinks     -0.029 _OPL  ; collect: 1 plastic bag, collect: 7 other plastics
    assets:recycables

2023-09-30 6ff58fb3-4579-4533-aab9-8575033136c7  ; activity: collect, duration: PT7H10M10S, time: 12:00:00, timezone: UTC+08:00
    revenues:recycables:food and drinks     -0.046 _OPL  ; collect: 1 foam food container, collect: 1 plastic bag, collect: 10 other plastics
    revenues:recycables:food and drinks     -0.043 _PLA  ; collect: 2 plastic bottles
    assets:recycables

2023-09-30 closing balances  ; time: 23:59:59, timezone: UTC+08:00
    assets:recycables                                                              -0.100 _BEC = 0.000 _BEC
    assets:recycables                                                              -0.052 _MET = 0.000 _MET
    assets:recycables                                                              -0.133 _OPL = 0.000 _OPL
    assets:recycables                                                              -0.043 _PLA = 0.000 _PLA
    assets:digital:GREEN@COMMMUNITY:1683f1aa-61c7-43cc-b9f3-58da24a81704           -135 GREEN$ = 0 GREEN$
    assets:digital:SheepIt Render Farm:polyipseity                               -33 588. _FRM = 0 _FRM
    assets:digital:SheepIt Render Farm:polyipseity                          -11 996 812. _PT/A = 0 _PT/A
    equity:conversions:GREEN$-_MET:GREEN$                                            13 GREEN$ = 0 GREEN$
    equity:conversions:GREEN$-_MET:_MET                                            -1.954 _MET = 0.000 _MET
    equity:conversions:GREEN$-_OPL:GREEN$                                             3 GREEN$ = 0 GREEN$
    equity:conversions:GREEN$-_OPL:_OPL                                            -0.506 _OPL = 0.000 _OPL
    equity:conversions:GREEN$-_PAP:GREEN$                                            55 GREEN$ = 0 GREEN$
    equity:conversions:GREEN$-_PAP:_PAP                                            -5.551 _PAP = 0.000 _PAP
    equity:conversions:GREEN$-_PLA:GREEN$                                            64 GREEN$ = 0 GREEN$
    equity:conversions:GREEN$-_PLA:_PLA                                            -1.115 _PLA = 0.000 _PLA
    equity:opening/closing balances
