include ../../../preludes/self.journal

2023-10-01 opening balances  ; time: 00:00:00, timezone: UTC+08:00
    assets:accrued revenues:insurances:life:7435ecd0-fbc5-4f80-bfdf-d26ee85a1f25                    800.00 HKD = 800.00 HKD
    assets:accrued revenues:insurances:life:d2926e7a-1f12-4194-92be-978768d964a7                 16 966.42 HKD = 16 966.42 HKD
    assets:deferred expenses:accommodations:universities                                          8 137.00 HKD = 8 137.00 HKD
    assets:deferred expenses:education:tuition:universities                                      15 600.00 HKD = 15 600.00 HKD
    assets:banks:eb3a5344-9cdb-471f-a489-ea8981329cd6:HKD savings                                21 712.85 HKD = 21 712.85 HKD
    assets:cash                                                                                  13 577.00 HKD = 13 577.00 HKD
    assets:digital:7e049a63-ac77-450b-a5f1-4d9a984421dd:68f02300-1650-4e1f-9321-1b96ad9b1e5f     21 050.00 HKD = 21 050.00 HKD
    assets:digital:Octopus cards:1608ef20-afcd-4cd0-9631-2c7b15437521                               183.60 HKD = 183.60 HKD
    assets:special:vouchers:7c271977-704b-40c2-81c2-3a95c2aee236                                      0.20 HKD = 0.20 HKD
    equity:conversions:HKD-USD:HKD                                                               -2 437.72 HKD = -2 437.72 HKD
    equity:conversions:HKD-USD:USD                                                                  318.45 USD = 318.45 USD
    equity:kins:special                                                                          -4 500.00 CNY = -4 500.00 CNY
    equity:kins:special                                                                             -90.00 HKD = -90.00 HKD
    equity:kins:families:3833b42e-dad3-425c-b254-904be68993e4                                     4 500.00 CNY = 4 500.00 CNY
    equity:kins:families:3833b42e-dad3-425c-b254-904be68993e4                                   -55 717.25 HKD = -55 717.25 HKD
    liabilities:accrued expenses:insurances:levy                                                    -23.52 HKD = -23.52 HKD
    liabilities:accrued expenses:insurances:life:7435ecd0-fbc5-4f80-bfdf-d26ee85a1f25           -47 498.00 HKD = -47 498.00 HKD
    liabilities:accrued expenses:insurances:life:d2926e7a-1f12-4194-92be-978768d964a7           -23 506.28 HKD = -23 506.28 HKD
    equity:unaccounted                                                                          -13 400.03 HKD = -13 400.03 HKD
    equity:opening/closing balances

2023-10-01 (72208524) Cafe 100%  ; activity: eating, eating: breakfast, time: 07:30:44, timezone: UTC+08:00
    assets:digital:Octopus cards:1608ef20-afcd-4cd0-9631-2c7b15437521      -37.00 HKD
    expenses:food and drinks:dining                                                    ; food_and_drink: garlic butter on toast, food_and_drink: hot Ovaltine, food_and_drink: macaroni in soup (light), food_and_drink: scrambled egg with mushroom, food_and_drink: shredded ham

2023-10-01 810c451f-b2e5-4c98-8433-b1451593c457  ; activity: transport, time: 10:33, timezone: UTC+08:00
    assets:digital:Octopus cards:1608ef20-afcd-4cd0-9631-2c7b15437521       -3.10 HKD
    expenses:transport:trains

2023-10-01 2cef1acf-32e6-45bc-b261-d7378f136ded  ; activity: tutoring, duration: PT1H30M, time: 10:39:00, timezone: UTC+08:00
    revenues:incomes:tutoring                          -300.00 HKD  ; time: 12:11:00, timezone: UTC+08:00
    liabilities:deferred revenues:incomes:tutoring     -300.00 HKD  ; valid: 2023-10-01T12:11:00+08:00/2023-10-08T10:30:00+08:00
    assets:cash

2023-10-01 810c451f-b2e5-4c98-8433-b1451593c457  ; activity: transport, time: 12:23, timezone: UTC+08:00
    assets:digital:Octopus cards:1608ef20-afcd-4cd0-9631-2c7b15437521       -3.10 HKD
    expenses:transport:trains

2023-10-01 ab0fa934-c94b-40e9-8243-ad1c486fc251  ; activity: tutoring, duration: PT2H7M54S, time: 15:03, timezone: UTC+08:00
    assets:cash                    400.00 HKD
    revenues:incomes:tutoring                  ; time: 17:10:54, timezone: UTC+08:00

2023-10-02 (HD123A0254412981, ed929a4b475e4bb7b8f911d3b) self  ; Octopu Cards Limited, activity: transfer, time: 10:37:46, timezone: UTC+08:00, via: Faster Payment System
    assets:digital:Octopus:abb12fe5-9fea-4bc4-b062-5a393eea2be2          1.00 HKD
    assets:banks:eb3a5344-9cdb-471f-a489-ea8981329cd6:HKD savings

2023-10-02 self  ; activity: transfer, time: 11:08:53, timezone: UTC+08:00
    assets:digital:Octopus cards:1608ef20-afcd-4cd0-9631-2c7b15437521        1.00 HKD
    assets:digital:Octopus:abb12fe5-9fea-4bc4-b062-5a393eea2be2

2023-10-02 (HD123A0255350705, G00330A.GP, 6628) Blue Cross Insurance  ; Blue Cross (Asia-Pacific) Ins Ltd, activity: invest, time: 19:52, timezone: UTC+08:00, via: Faster Payment System
    assets:banks:eb3a5344-9cdb-471f-a489-ea8981329cd6:HKD savings     -417.15 HKD
    assets:deferred expenses:insurances:health                         373.09 HKD
    expenses:insurances:health

2023-10-03 (5600165333) 20b484a5-3c01-42f3-875c-e95509b3de22  ; activity: eating, eating: lunch, time: 14:10:13, timezone: UTC+08:00
    assets:digital:Octopus cards:1608ef20-afcd-4cd0-9631-2c7b15437521      -38.00 HKD
    expenses:food and drinks:dining                                                    ; food_and_drink: steamed egg with diced pork, food_and_drink: vegetables

2023-10-03 88e71e74-7f85-4a0a-ab31-ecab094622a5  ; activity: eating, eating: dinner, time: 18:40, timezone: UTC+08:00
    assets:digital:Octopus cards:1608ef20-afcd-4cd0-9631-2c7b15437521      -30.00 HKD
    expenses:food and drinks:dining                                                    ; food_and_drink: 2 fish cakes, food_and_drink: 2 fish skin dumplings, food_and_drink: 2 thin slices of red sausage, food_and_drink: Coca-Cola with Lemon, food_and_drink: seaweed, food_and_drink: thin egg noodle

2023-10-04 (1K1#350) 02337778-bf4b-4675-be04-ea1270e22e5f  ; activity: eating, eating: lunch, time: 12:12:46, timezone: UTC+08:00
    assets:digital:Octopus cards:1608ef20-afcd-4cd0-9631-2c7b15437521      -39.00 HKD
    expenses:food and drinks:dining                                                    ; food_and_drink: baked seafood rice, food_and_drink: black truffle sauce

2023-10-04 * (HD123C2839912316, 0000152933) 7e049a63-ac77-450b-a5f1-4d9a984421dd  ; activity: education, duration: PT1H30M, time: 14:30, timezone: UTC+08:00
    assets:accrued revenues:education      100.00 HKD
    revenues:education

2023-10-04 88e71e74-7f85-4a0a-ab31-ecab094622a5  ; activity: eating, eating: dinner, time: 22:41, timezone: UTC+08:00
    assets:digital:Octopus cards:1608ef20-afcd-4cd0-9631-2c7b15437521      -30.00 HKD
    expenses:food and drinks:dining                                                    ; food_and_drink: 2 fish cakes, food_and_drink: 2 fish skin dumplings, food_and_drink: 2 thin slices of red sausage, food_and_drink: Coca-Cola with Lemon, food_and_drink: seaweed, food_and_drink: thin egg noodle

2023-10-05 (FRN20231005PAYD0101269646020) self  ; activity: transfer, time: 12:58:17, timezone: UTC+08:00, via: eDDA
    assets:digital:Octopus:abb12fe5-9fea-4bc4-b062-5a393eea2be2        200.00 HKD
    assets:banks:eb3a5344-9cdb-471f-a489-ea8981329cd6:HKD savings

2023-10-05 self  ; activity: transfer, time: 12:58:29, timezone: UTC+08:00
    assets:digital:Octopus cards:1608ef20-afcd-4cd0-9631-2c7b15437521      200.00 HKD
    assets:digital:Octopus:abb12fe5-9fea-4bc4-b062-5a393eea2be2

2023-10-05 (5900275741) 20b484a5-3c01-42f3-875c-e95509b3de22  ; activity: eating, eating: lunch, time: 13:05:18, timezone: UTC+08:00
    assets:digital:Octopus cards:1608ef20-afcd-4cd0-9631-2c7b15437521      -31.00 HKD
    expenses:food and drinks:dining                                                    ; food_and_drink: baked pork chop with rice

2023-10-05 88e71e74-7f85-4a0a-ab31-ecab094622a5  ; activity: eating, eating: dinner, time: 17:41, timezone: UTC+08:00
    assets:digital:Octopus cards:1608ef20-afcd-4cd0-9631-2c7b15437521      -30.00 HKD
    expenses:food and drinks:dining                                                    ; food_and_drink: 2 fish cakes, food_and_drink: 2 fish skin dumplings, food_and_drink: 2 thin slices of red sausage, food_and_drink: Coca-Cola with Lemon, food_and_drink: oily noodle, food_and_drink: seaweed

2023-10-05 41b33891-3b43-4ac6-9ebb-42d8737ae227  ; activity: transport, time: 21:14, timezone: UTC+08:00
    assets:digital:Octopus cards:1608ef20-afcd-4cd0-9631-2c7b15437521       -6.80 HKD
    expenses:transport:buses

2023-10-05 810c451f-b2e5-4c98-8433-b1451593c457  ; activity: transport, time: 22:13, timezone: UTC+08:00
    assets:digital:Octopus cards:1608ef20-afcd-4cd0-9631-2c7b15437521       -4.80 HKD
    expenses:transport:trains

2023-10-06 6ff58fb3-4579-4533-aab9-8575033136c7  ; activity: tutoring, duration: PT5H30M, time: 16:00:00, timezone: UTC+08:00
    assets:cash                    500.00 HKD
    revenues:incomes:tutoring                  ; time: 16:24:50, timezone: UTC+08:00

2023-10-07 6ff58fb3-4579-4533-aab9-8575033136c7  ; activity: tutoring, duration: PT7H27M10S, time: 13:26:40, timezone: UTC+08:00
    assets:cash                    500.00 HKD
    revenues:incomes:tutoring                  ; time: 13:33:21, timezone: UTC+08:00

2023-10-08 (73256503) Cafe 100%  ; activity: eating, duration: PT24M14S, eating: breakfast, time: 09:46:46, timezone: UTC+08:00
    assets:digital:Octopus cards:1608ef20-afcd-4cd0-9631-2c7b15437521      -37.00 HKD
    expenses:food and drinks:dining                                                    ; food_and_drink: garlic butter on toast, food_and_drink: hot Ovaltine, food_and_drink: macaroni in soup (light), food_and_drink: scrambled egg with mushroom, food_and_drink: shredded ham

2023-10-08 810c451f-b2e5-4c98-8433-b1451593c457  ; activity: transport, time: 10:36, timezone: UTC+08:00
    assets:digital:Octopus cards:1608ef20-afcd-4cd0-9631-2c7b15437521       -3.10 HKD
    expenses:transport:trains

2023-10-08 * 2cef1acf-32e6-45bc-b261-d7378f136ded  ; activity: tutoring, duration: PT1H42M34S, time: 10:42:26, timezone: UTC+08:00
    liabilities:deferred revenues:incomes:tutoring      300.00 HKD
    revenues:incomes:tutoring                                       ; datetime: 2023-10-01T12:13:44+08:00, timezone: UTC+08:00

2023-10-08 810c451f-b2e5-4c98-8433-b1451593c457  ; activity: transport, time: 12:41, timezone: UTC+08:00
    assets:digital:Octopus cards:1608ef20-afcd-4cd0-9631-2c7b15437521       -3.10 HKD
    expenses:transport:trains

2023-10-09 (58C7BF/4172) McDonald's  ; activity: eating, eating: dinner, time: 16:37:11, timezone: UTC+08:00
    assets:digital:Octopus cards:1608ef20-afcd-4cd0-9631-2c7b15437521      -28.00 HKD
    expenses:food and drinks:dining                                                    ; food_and_drink: iced Fanta, food_and_drink: medium-sized fries, food_and_drink: sausage McMuffin with egg

2023-10-10 (5100322713) 20b484a5-3c01-42f3-875c-e95509b3de22  ; activity: eating, eating: lunch, time: 12:51:49, timezone: UTC+08:00
    assets:digital:Octopus cards:1608ef20-afcd-4cd0-9631-2c7b15437521      -28.50 HKD
    expenses:food and drinks:dining                                                    ; food_and_drink: BBQ pork · red sausage with rice

2023-10-10 (1/A-552637) Subway  ; activity: eating, eating: afternoon tea, time: 15:08:28, timezone: UTC+08:00
    assets:digital:Octopus cards:1608ef20-afcd-4cd0-9631-2c7b15437521      -40.00 HKD
    expenses:food and drinks:dining                                                    ; food_and_drink: Subway B.M.T., food_and_drink: barbecue sauce

2023-10-11 (FRN20231011PAYD0101278966543) self  ; activity: transfer, time: 11:58:18, timezone: UTC+08:00, via: eDDA
    assets:digital:Octopus:abb12fe5-9fea-4bc4-b062-5a393eea2be2        200.00 HKD
    assets:banks:eb3a5344-9cdb-471f-a489-ea8981329cd6:HKD savings

2023-10-11 self  ; activity: transfer, time: 11:58:22, timezone: UTC+08:00
    assets:digital:Octopus cards:1608ef20-afcd-4cd0-9631-2c7b15437521      200.00 HKD
    assets:digital:Octopus:abb12fe5-9fea-4bc4-b062-5a393eea2be2

2023-10-11 (1K2#447) 02337778-bf4b-4675-be04-ea1270e22e5f  ; activity: eating, eating: lunch, time: 12:07:53, timezone: UTC+08:00
    assets:digital:Octopus cards:1608ef20-afcd-4cd0-9631-2c7b15437521      -36.00 HKD
    expenses:food and drinks:dining                                                    ; food_and_drink: spaghetti bolognese

2023-10-11 88e71e74-7f85-4a0a-ab31-ecab094622a5  ; activity: eating, eating: dinner, time: 23:11, timezone: UTC+08:00
    assets:digital:Octopus cards:1608ef20-afcd-4cd0-9631-2c7b15437521      -30.00 HKD
    expenses:food and drinks:dining                                                    ; food_and_drink: 2 fish cakes, food_and_drink: 2 fish skin dumplings, food_and_drink: 2 thin slices of red sausage, food_and_drink: Coca-Cola with Lemon, food_and_drink: oily noodle, food_and_drink: seaweed

2023-10-12 (5800341342) 20b484a5-3c01-42f3-875c-e95509b3de22  ; activity: eating, eating: lunch, time: 13:23:41, timezone: UTC+08:00
    assets:digital:Octopus cards:1608ef20-afcd-4cd0-9631-2c7b15437521      -31.00 HKD
    expenses:food and drinks:dining                                                    ; food_and_drink: baked rice with fish and sweet com in cream sauce

2023-10-12 (00463/002#0083) Fusion, 7e049a63-ac77-450b-a5f1-4d9a984421dd  ; activity: eating, eating: fruits, time: 13:50:13, timezone: UTC+08:00
    assets:digital:Octopus cards:1608ef20-afcd-4cd0-9631-2c7b15437521      -16.90 HKD
    expenses:food and drinks:fruits                                                    ; food_and_drink: 3 extra-large oranges

2023-10-12 88e71e74-7f85-4a0a-ab31-ecab094622a5  ; activity: eating, eating: dinner, time: 19:57, timezone: UTC+08:00
    assets:digital:Octopus cards:1608ef20-afcd-4cd0-9631-2c7b15437521      -30.00 HKD
    expenses:food and drinks:dining                                                    ; food_and_drink: 2 fish cakes, food_and_drink: 2 fish skin dumplings, food_and_drink: 2 thin slices of red sausage, food_and_drink: Coca-Cola with Lemon, food_and_drink: oily noodle, food_and_drink: seaweed

2023-10-12 41b33891-3b43-4ac6-9ebb-42d8737ae227  ; activity: transport, time: 21:47, timezone: UTC+08:00
    assets:digital:Octopus cards:1608ef20-afcd-4cd0-9631-2c7b15437521       -6.80 HKD
    expenses:transport:buses

2023-10-12 810c451f-b2e5-4c98-8433-b1451593c457  ; activity: transport, time: 22:38, timezone: UTC+08:00
    assets:digital:Octopus cards:1608ef20-afcd-4cd0-9631-2c7b15437521       -4.80 HKD
    expenses:transport:trains

2023-10-13 6ff58fb3-4579-4533-aab9-8575033136c7  ; activity: tutoring, duration: PT5H7M13S, time: 16:29:00, timezone: UTC+08:00
    assets:cash                    500.00 HKD
    revenues:incomes:tutoring                  ; time: 16:29:00, timezone: UTC+08:00

2023-10-14 6ff58fb3-4579-4533-aab9-8575033136c7  ; activity: tutoring, duration: PT5H4M29S, time: 13:25:25, timezone: UTC+08:00
    assets:cash                    500.00 HKD
    revenues:incomes:tutoring                  ; time: 13:25:25, timezone: UTC+08:00

2023-10-14 (0000326151) c9b9b581-0722-4c2b-987a-4d86fa02e7d0 (2bae54dc-467f-459c-9202-5149f419152f)  ; activity: eating, eating: snacks, time: 22:49:30, timezone: UTC+08:00
    equity:kins:families:3833b42e-dad3-425c-b254-904be68993e4      -29.00 HKD
    expenses:food and drinks:snacks                                            ; food_and_drink: 3Q milk tea

2023-10-15 810c451f-b2e5-4c98-8433-b1451593c457  ; activity: transport, time: 10:34, timezone: UTC+08:00
    assets:digital:Octopus cards:1608ef20-afcd-4cd0-9631-2c7b15437521       -3.10 HKD
    expenses:transport:trains

2023-10-15 2cef1acf-32e6-45bc-b261-d7378f136ded  ; activity: tutoring, duration: PT1H38M7S, time: 10:41:38, timezone: UTC+08:00
    assets:cash                    300.00 HKD
    revenues:incomes:tutoring                  ; time: 10:41:38, timezone: UTC+08:00

2023-10-15 (FRN20231015PAYD0101285116013) self  ; activity: transfer, time: 12:41:01, timezone: UTC+08:00, via: eDDA
    assets:digital:Octopus:abb12fe5-9fea-4bc4-b062-5a393eea2be2        500.00 HKD
    assets:banks:eb3a5344-9cdb-471f-a489-ea8981329cd6:HKD savings

2023-10-15 self  ; activity: transfer, time: 12:41:04, timezone: UTC+08:00
    assets:digital:Octopus cards:1608ef20-afcd-4cd0-9631-2c7b15437521      500.00 HKD
    assets:digital:Octopus:abb12fe5-9fea-4bc4-b062-5a393eea2be2

2023-10-15 (HK060096-20231015123730D19, 2023101512413003915, C120231015124117668681443) euro go go  ; activity: eating, eating: lunch, time: 12:41:30, timezone: UTC+08:00, via: Eats365
    assets:digital:Octopus cards:1608ef20-afcd-4cd0-9631-2c7b15437521        -134 HKD
    expenses:food and drinks:dining                                                    ; food_and_drink: 全千島海鮮👑 + cheese

2023-10-15 810c451f-b2e5-4c98-8433-b1451593c457  ; activity: transport, time: 21:25, timezone: UTC+08:00
    assets:digital:Octopus cards:1608ef20-afcd-4cd0-9631-2c7b15437521       -4.80 HKD
    expenses:transport:trains

2023-10-15 41b33891-3b43-4ac6-9ebb-42d8737ae227  ; activity: transport, time: 21:44, timezone: UTC+08:00
    assets:digital:Octopus cards:1608ef20-afcd-4cd0-9631-2c7b15437521       -8.10 HKD
    expenses:transport:buses

2023-10-16 (a3991dc8-2dc3-43c8-a57f-05d29d1949d4) Hong Kong Government  ; activity: voucher, time: 00:00:00, timezone: UTC+08:00, via: Alipay (24234eb6-9d11-4efe-997b-5ac44a82931f), voucher: 7c271977-704b-40c2-81c2-3a95c2aee236
    assets:special:vouchers:7c271977-704b-40c2-81c2-3a95c2aee236    2 000.00 HKD  ; valid: 2023-10-16T00:00:00+08:00/2024-02-29T23:59:59+08:00
    revenues:special

2023-10-16 (1K1#342) 02337778-bf4b-4675-be04-ea1270e22e5f  ; activity: eating, eating: lunch, time: 12:05:30, timezone: UTC+08:00
    assets:digital:Octopus cards:1608ef20-afcd-4cd0-9631-2c7b15437521      -36.00 HKD
    expenses:food and drinks:dining                                                    ; food_and_drink: spaghetti bolognese

2023-10-16 (5700386463, 2f474e88-33c3-4bfc-81f2-90114cd86e07, 231016130948) 20b484a5-3c01-42f3-875c-e95509b3de22  ; activity: eating, eating: lunch, time: 13:09:53, timezone: UTC+08:00
    equity:friends                       -28.50 HKD
    expenses:food and drinks:dining                  ; food_and_drink: BBQ pork · red sausage with rice

2023-10-16 88e71e74-7f85-4a0a-ab31-ecab094622a5  ; activity: eating, eating: dinner, time: 19:37, timezone: UTC+08:00
    assets:digital:Octopus cards:1608ef20-afcd-4cd0-9631-2c7b15437521      -30.00 HKD
    expenses:food and drinks:dining                                                    ; food_and_drink: 2 fish cakes, food_and_drink: 2 fish skin dumplings, food_and_drink: 2 thin slices of red sausage, food_and_drink: Coca-Cola with Lemon, food_and_drink: seaweed, food_and_drink: thin egg noodle

2023-10-17 88e71e74-7f85-4a0a-ab31-ecab094622a5  ; activity: eating, eating: dinner, time: 17:17, timezone: UTC+08:00
    assets:digital:Octopus cards:1608ef20-afcd-4cd0-9631-2c7b15437521      -30.00 HKD
    expenses:food and drinks:dining                                                    ; food_and_drink: 2 fish cakes, food_and_drink: 2 fish skin dumplings, food_and_drink: 2 thin slices of red sausage, food_and_drink: Coca-Cola with Lemon, food_and_drink: seaweed, food_and_drink: thin egg noodle

2023-10-18 88e71e74-7f85-4a0a-ab31-ecab094622a5  ; activity: eating, eating: dinner, time: 23:30, timezone: UTC+08:00
    assets:digital:Octopus cards:1608ef20-afcd-4cd0-9631-2c7b15437521      -31.00 HKD
    expenses:food and drinks:dining                                                    ; food_and_drink: 2 fish cakes, food_and_drink: 2 fish skin dumplings, food_and_drink: 2 thin slices of red sausage, food_and_drink: Coca-Cola with Lemon, food_and_drink: rice vermicelli, food_and_drink: seaweed

2023-10-19 (1K3#543) 02337778-bf4b-4675-be04-ea1270e22e5f  ; activity: eating, eating: lunch, time: 12:04:43, timezone: UTC+08:00
    assets:digital:Octopus cards:1608ef20-afcd-4cd0-9631-2c7b15437521      -36.00 HKD
    expenses:food and drinks:dining                                                    ; food_and_drink: rice bolognese

2023-10-19 (5600173013) 20b484a5-3c01-42f3-875c-e95509b3de22  ; activity: eating, eating: dinner, time: 18:07:52, timezone: UTC+08:00
    assets:digital:Octopus cards:1608ef20-afcd-4cd0-9631-2c7b15437521      -27.50 HKD
    expenses:food and drinks:dining                                                    ; food_and_drink: BBQ pork with rice

2023-10-19 41b33891-3b43-4ac6-9ebb-42d8737ae227  ; activity: transport, time: 21:58, timezone: UTC+08:00
    assets:digital:Octopus cards:1608ef20-afcd-4cd0-9631-2c7b15437521       -6.80 HKD
    expenses:transport:buses

2023-10-19 810c451f-b2e5-4c98-8433-b1451593c457  ; activity: transport, time: 22:59, timezone: UTC+08:00
    assets:digital:Octopus cards:1608ef20-afcd-4cd0-9631-2c7b15437521       -4.80 HKD
    expenses:transport:trains

2023-10-20 6ff58fb3-4579-4533-aab9-8575033136c7  ; activity: tutoring, duration: PT3H52M25S, time: 18:00, timezone: UTC+08:00
    assets:cash                    500.00 HKD
    revenues:incomes:tutoring                  ; time: 18:00, timezone: UTC+08:00

2023-10-21 810c451f-b2e5-4c98-8433-b1451593c457  ; activity: transport, time: 12:10, timezone: UTC+08:00
    assets:digital:Octopus cards:1608ef20-afcd-4cd0-9631-2c7b15437521       -4.80 HKD
    expenses:transport:trains

2023-10-21 a19a3525-a11c-40de-9726-79b0738910d7  ; activity: transport, time: 12:12, timezone: UTC+08:00
    assets:digital:Octopus cards:1608ef20-afcd-4cd0-9631-2c7b15437521       -7.80 HKD
    expenses:transport:minibuses

2023-10-21 41b33891-3b43-4ac6-9ebb-42d8737ae227  ; activity: transport, time: 16:06, timezone: UTC+08:00
    assets:digital:Octopus cards:1608ef20-afcd-4cd0-9631-2c7b15437521       -8.10 HKD
    expenses:transport:buses

2023-10-21 810c451f-b2e5-4c98-8433-b1451593c457  ; activity: transport, time: 16:58, timezone: UTC+08:00
    assets:digital:Octopus cards:1608ef20-afcd-4cd0-9631-2c7b15437521       -4.80 HKD
    expenses:transport:trains

2023-10-21 6ff58fb3-4579-4533-aab9-8575033136c7  ; activity: tutoring, duration: PT3H5M52S, time: 17:16:52, timezone: UTC+08:00
    assets:cash                    500.00 HKD
    revenues:incomes:tutoring                  ; time: 17:39:55, timezone: UTC+08:00

2023-10-22 (73257569) Cafe 100%  ; activity: eating, duration: PT32M53S, eating: breakfast, time: 10:45:07, timezone: UTC+08:00
    assets:digital:Octopus cards:1608ef20-afcd-4cd0-9631-2c7b15437521      -37.00 HKD
    expenses:food and drinks:dining                                                    ; food_and_drink: garlic butter on toast, food_and_drink: hot chocolate, food_and_drink: macaroni in soup (light), food_and_drink: scrambled egg with mushroom, food_and_drink: shredded ham

2023-10-23 810c451f-b2e5-4c98-8433-b1451593c457  ; activity: transport, time: 10:28, timezone: UTC+08:00
    assets:digital:Octopus cards:1608ef20-afcd-4cd0-9631-2c7b15437521       -3.10 HKD
    expenses:transport:trains

2023-10-23 2cef1acf-32e6-45bc-b261-d7378f136ded  ; activity: tutoring, duration: PT1H55M10S, time: 10:31:00, timezone: UTC+08:00
    assets:cash                    300.00 HKD
    revenues:incomes:tutoring                  ; time: 12:25:50, timezone: UTC+08:00

2023-10-23 810c451f-b2e5-4c98-8433-b1451593c457  ; activity: transport, time: 12:38, timezone: UTC+08:00
    assets:digital:Octopus cards:1608ef20-afcd-4cd0-9631-2c7b15437521       -3.10 HKD
    expenses:transport:trains

2023-10-23 6ff58fb3-4579-4533-aab9-8575033136c7  ; activity: tutoring, duration: PT4H38M56S, time: 12:59:49, timezone: UTC+08:00
    assets:cash                    500.00 HKD
    revenues:incomes:tutoring                  ; time: 13:54:08, timezone: UTC+08:00

2023-10-24 810c451f-b2e5-4c98-8433-b1451593c457  ; activity: transport, time: 12:14, timezone: UTC+08:00
    assets:digital:Octopus cards:1608ef20-afcd-4cd0-9631-2c7b15437521       -4.80 HKD
    expenses:transport:trains

2023-10-24 a19a3525-a11c-40de-9726-79b0738910d7  ; activity: transport, time: 12:34, timezone: UTC+08:00
    assets:digital:Octopus cards:1608ef20-afcd-4cd0-9631-2c7b15437521       -7.80 HKD
    expenses:transport:minibuses

2023-10-24 (081-1432) 96da94cc-4caf-4935-92e6-409046be8486  ; activity: eating, eating: aftertoon tea, time: 16:19:07, timezone: UTC+08:00
    assets:digital:Octopus cards:1608ef20-afcd-4cd0-9631-2c7b15437521      -43.80 HKD
    expenses:food and drinks:dining                                                    ; food_and_drink: 三色芝士焗肉醬長通粉

2023-10-24 41b33891-3b43-4ac6-9ebb-42d8737ae227  ; activity: transport, time: 16:56, timezone: UTC+08:00
    assets:digital:Octopus cards:1608ef20-afcd-4cd0-9631-2c7b15437521       -6.80 HKD
    expenses:transport:buses

2023-10-24 810c451f-b2e5-4c98-8433-b1451593c457  ; activity: transport, time: 17:55, timezone: UTC+08:00
    assets:digital:Octopus cards:1608ef20-afcd-4cd0-9631-2c7b15437521       -4.80 HKD
    expenses:transport:trains

2023-10-24 810c451f-b2e5-4c98-8433-b1451593c457  ; activity: transport, time: 18:08, timezone: UTC+08:00
    assets:digital:Octopus cards:1608ef20-afcd-4cd0-9631-2c7b15437521       -3.10 HKD
    expenses:transport:trains

2023-10-24 810c451f-b2e5-4c98-8433-b1451593c457  ; activity: transport, time: 22:20, timezone: UTC+08:00
    assets:digital:Octopus cards:1608ef20-afcd-4cd0-9631-2c7b15437521       -4.80 HKD
    expenses:transport:trains

2023-10-24 a19a3525-a11c-40de-9726-79b0738910d7  ; activity: transport, time: 22:22, timezone: UTC+08:00
    assets:digital:Octopus cards:1608ef20-afcd-4cd0-9631-2c7b15437521       -7.80 HKD
    expenses:transport:minibuses

2023-10-25 (1K1#333) 02337778-bf4b-4675-be04-ea1270e22e5f  ; activity: eating, eating: lunch, time: 12:00:13, timezone: UTC+08:00
    assets:digital:Octopus cards:1608ef20-afcd-4cd0-9631-2c7b15437521      -38.00 HKD
    expenses:food and drinks:dining                                                    ; food_and_drink: classic baked pork chop, food_and_drink: spaghetti

2023-10-25 * (ch_3O50hpEQsq43iHhX07TTsmTt) **** (***********)  ; $2 one time, activity: donation, time: 14:36:38, timezone: UTC+08:00
    revenues:donations:GitHub Sponsors:polyipseity                   -2.00 USD
    equity:conversions:HKD-USD:USD                                    2.00 USD  ; rate: 7.8242
    equity:conversions:HKD-USD:HKD                                  -15.65 HKD
    assets:digital:Stripe:8521d268-47d4-40a9-b2bb-3f187627b20a       15.65 HKD

2023-10-25 (FRN20231025PAYD0101301129003) self  ; activity: transfer, time: 22:47:25, timezone: UTC+08:00, via: eDDA
    assets:digital:Octopus:abb12fe5-9fea-4bc4-b062-5a393eea2be2        200.00 HKD
    assets:banks:eb3a5344-9cdb-471f-a489-ea8981329cd6:HKD savings

2023-10-25 self  ; activity: transfer, time: 22:47:29, timezone: UTC+08:00
    assets:digital:Octopus cards:1608ef20-afcd-4cd0-9631-2c7b15437521      200.00 HKD
    assets:digital:Octopus:abb12fe5-9fea-4bc4-b062-5a393eea2be2

2023-10-25 88e71e74-7f85-4a0a-ab31-ecab094622a5  ; activity: eating, eating: dinner, time: 23:02, timezone: UTC+08:00
    assets:digital:Octopus cards:1608ef20-afcd-4cd0-9631-2c7b15437521      -30.00 HKD
    expenses:food and drinks:dining                                                    ; food_and_drink: 2 fish cakes, food_and_drink: 2 fish skin dumplings, food_and_drink: 2 thin slices of red sausage, food_and_drink: Coca-Cola with Lemon, food_and_drink: seaweed, food_and_drink: thin egg noodle

2023-10-26 (5874F6/6145) McDonald's  ; activity: eating, eating: lunch, time: 14:25:43, timezone: UTC+08:00
    assets:digital:Octopus cards:1608ef20-afcd-4cd0-9631-2c7b15437521      -31.50 HKD
    expenses:food and drinks:dining                                                    ; food_and_drink: chocolate milkshake, food_and_drink: medium-sized fries, food_and_drink: sausage McMuffin with egg

2023-10-26 88e71e74-7f85-4a0a-ab31-ecab094622a5  ; activity: eating, eating: dinner, time: 17:50, timezone: UTC+08:00
    assets:digital:Octopus cards:1608ef20-afcd-4cd0-9631-2c7b15437521      -30.00 HKD
    expenses:food and drinks:dining                                                    ; food_and_drink: 2 fish cakes, food_and_drink: 2 fish skin dumplings, food_and_drink: 2 thin slices of red sausage, food_and_drink: Coca-Cola with Lemon, food_and_drink: seaweed, food_and_drink: thin egg noodle

2023-10-26 bank  ; CREDIT INTEREST, activity: interests, timezone: UTC+08:00
    assets:banks:eb3a5344-9cdb-471f-a489-ea8981329cd6:HKD savings       15.08 HKD
    revenues:interests

2023-10-27 (5800347688) 20b484a5-3c01-42f3-875c-e95509b3de22  ; activity: eating, eating: lunch, time: 13:44:10, timezone: UTC+08:00
    assets:digital:Octopus cards:1608ef20-afcd-4cd0-9631-2c7b15437521      -27.50 HKD
    expenses:food and drinks:dining                                                    ; food_and_drink: BBQ pork with rice

2023-10-27 41b33891-3b43-4ac6-9ebb-42d8737ae227  ; activity: transport, time: 14:08, timezone: UTC+08:00
    assets:digital:Octopus cards:1608ef20-afcd-4cd0-9631-2c7b15437521       -6.80 HKD
    expenses:transport:buses

2023-10-27 810c451f-b2e5-4c98-8433-b1451593c457  ; activity: transport, time: 15:01, timezone: UTC+08:00
    assets:digital:Octopus cards:1608ef20-afcd-4cd0-9631-2c7b15437521       -4.80 HKD
    expenses:transport:trains

2023-10-27 6ff58fb3-4579-4533-aab9-8575033136c7  ; activity: tutoring, duration: PT5H54M47S, time: 15:38:36, timezone: UTC+08:00
    assets:cash                    500.00 HKD
    revenues:incomes:tutoring                  ; time: 20:51:47, timezone: UTC+08:00

2023-10-28 810c451f-b2e5-4c98-8433-b1451593c457  ; activity: transport, time: 08:36, timezone: UTC+08:00
    assets:digital:Octopus cards:1608ef20-afcd-4cd0-9631-2c7b15437521       -4.80 HKD
    expenses:transport:trains

2023-10-28 a19a3525-a11c-40de-9726-79b0738910d7  ; activity: transport, time: 08:44, timezone: UTC+08:00
    assets:digital:Octopus cards:1608ef20-afcd-4cd0-9631-2c7b15437521       -7.80 HKD
    expenses:transport:minibuses

2023-10-28 (5300344339) 20b484a5-3c01-42f3-875c-e95509b3de22  ; activity: eating, eating: lunch, time: 12:18:24, timezone: UTC+08:00
    assets:digital:Octopus cards:1608ef20-afcd-4cd0-9631-2c7b15437521      -27.50 HKD
    expenses:food and drinks:dining                                                    ; food_and_drink: BBQ pork with rice

2023-10-28 41b33891-3b43-4ac6-9ebb-42d8737ae227  ; activity: transport, time: 13:01, timezone: UTC+08:00
    assets:digital:Octopus cards:1608ef20-afcd-4cd0-9631-2c7b15437521       -6.80 HKD
    expenses:transport:buses

2023-10-28 810c451f-b2e5-4c98-8433-b1451593c457  ; activity: transport, time: 13:59, timezone: UTC+08:00
    assets:digital:Octopus cards:1608ef20-afcd-4cd0-9631-2c7b15437521       -4.80 HKD
    expenses:transport:trains

2023-10-28 6ff58fb3-4579-4533-aab9-8575033136c7  ; activity: tutoring, duration: PT6H11M26S, time: 14:24:00, timezone: UTC+08:00
    assets:cash                    500.00 HKD
    revenues:incomes:tutoring                  ; time: 14:24:00, timezone: UTC+08:00

2023-10-29 810c451f-b2e5-4c98-8433-b1451593c457  ; activity: transport, time: 09:02, timezone: UTC+08:00
    assets:digital:Octopus cards:1608ef20-afcd-4cd0-9631-2c7b15437521       -4.80 HKD
    expenses:transport:trains

2023-10-29 a19a3525-a11c-40de-9726-79b0738910d7  ; activity: transport, time: 09:08, timezone: UTC+08:00
    assets:digital:Octopus cards:1608ef20-afcd-4cd0-9631-2c7b15437521       -7.80 HKD
    expenses:transport:minibuses

2023-10-29 (FRN20231029PAYD0101306560579) self  ; activity: transfer, time: 15:46:50, timezone: UTC+08:00, via: eDDA
    assets:digital:Octopus:abb12fe5-9fea-4bc4-b062-5a393eea2be2        200.00 HKD
    assets:banks:eb3a5344-9cdb-471f-a489-ea8981329cd6:HKD savings

2023-10-29 self  ; activity: transfer, time: 15:46:53, timezone: UTC+08:00
    assets:digital:Octopus cards:1608ef20-afcd-4cd0-9631-2c7b15437521      200.00 HKD
    assets:digital:Octopus:abb12fe5-9fea-4bc4-b062-5a393eea2be2

2023-10-29 (1K2#475) 02337778-bf4b-4675-be04-ea1270e22e5f  ; activity: eating, eating: afternoon tea, time: 15:54:50, timezone: UTC+08:00
    assets:digital:Octopus cards:1608ef20-afcd-4cd0-9631-2c7b15437521      -34.00 HKD
    expenses:food and drinks:dining                                                    ; food_and_drink: Yanzhou style fried rice

2023-10-30 (5874F7/5432) McDonald's  ; activity: eating, eating: lunch, time: 12:00:09, timezone: UTC+08:00
    assets:digital:Octopus cards:1608ef20-afcd-4cd0-9631-2c7b15437521      -31.50 HKD
    expenses:food and drinks:dining                                                    ; food_and_drink: chocolate milkshake, food_and_drink: medium-sized fries, food_and_drink: sausage McMuffin with egg

2023-10-30 (2023103022001432591405123658) 937f7345-cbe9-48d1-9746-d79fd001d2a6  ; activity: eating, eating: dinner, time: 18:01:33, timezone: UTC+08:00
    assets:special:vouchers:7c271977-704b-40c2-81c2-3a95c2aee236      -52.00 HKD
    expenses:food and drinks:dining                                               ; food_and_drink: rabokki

2023-10-31 (2023103122001432591415860217) 20b484a5-3c01-42f3-875c-e95509b3de22  ; activity: eating, eating: afternoon tea, time: 15:57:47, timezone: UTC+08:00
    assets:special:vouchers:7c271977-704b-40c2-81c2-3a95c2aee236      -30.00 HKD
    expenses:food and drinks:dining                                               ; food_and_drink: seaweed and three tr

2023-10-31 88e71e74-7f85-4a0a-ab31-ecab094622a5  ; activity: eating, eating: dinner, time: 22:42, timezone: UTC+08:00
    assets:digital:Octopus cards:1608ef20-afcd-4cd0-9631-2c7b15437521      -30.00 HKD
    expenses:food and drinks:dining                                                    ; food_and_drink: 2 fish cakes, food_and_drink: 2 fish skin dumplings, food_and_drink: 2 thin slices of red sausage, food_and_drink: Coca-Cola with Lemon, food_and_drink: seaweed, food_and_drink: thin egg noodle

2023-10-31 * 7e049a63-ac77-450b-a5f1-4d9a984421dd  ; activity: adjust, time: 23:59:59, timezone: UTC+08:00
    expenses:education:tuition:universities                    6 045.00 HKD
    assets:deferred expenses:education:tuition:universities

2023-10-31 * 7e049a63-ac77-450b-a5f1-4d9a984421dd  ; activity: adjust, time: 23:59:59, timezone: UTC+08:00
    expenses:accommodations:universities                    2 449.00 HKD
    assets:deferred expenses:accommodations:universities

2023-10-31 * Blue Cross Insurance  ; activity: adjust, time: 23:59:59, timezone: UTC+08:00
    assets:deferred expenses:insurances:health      -39.93 HKD
    expenses:insurances:health

2023-10-31 closing balances  ; time: 23:59:59, timezone: UTC+08:00
    assets:accrued revenues:education                                                              -100.00 HKD = 0.00 HKD
    assets:accrued revenues:insurances:life:7435ecd0-fbc5-4f80-bfdf-d26ee85a1f25                   -800.00 HKD = 0.00 HKD
    assets:accrued revenues:insurances:life:d2926e7a-1f12-4194-92be-978768d964a7                -16 966.42 HKD = 0.00 HKD
    assets:banks:eb3a5344-9cdb-471f-a489-ea8981329cd6:HKD savings                               -20 009.78 HKD = 0.00 HKD
    assets:cash                                                                                 -19 677.00 HKD = 0.00 HKD
    assets:deferred expenses:accommodations:universities                                         -5 688.00 HKD = 0.00 HKD
    assets:deferred expenses:education:tuition:universities                                      -9 555.00 HKD = 0.00 HKD
    assets:deferred expenses:insurances:health                                                     -333.16 HKD = 0.00 HKD
    assets:digital:7e049a63-ac77-450b-a5f1-4d9a984421dd:68f02300-1650-4e1f-9321-1b96ad9b1e5f    -21 050.00 HKD = 0.00 HKD
    assets:digital:Octopus cards:1608ef20-afcd-4cd0-9631-2c7b15437521                              -103.70 HKD = 0.00 HKD
    assets:digital:Stripe:8521d268-47d4-40a9-b2bb-3f187627b20a                                      -15.65 HKD = 0.00 HKD
    assets:special:vouchers:7c271977-704b-40c2-81c2-3a95c2aee236                                 -1 918.20 HKD = 0.00 HKD
    equity:conversions:HKD-USD:HKD                                                                2 453.37 HKD = 0.00 HKD
    equity:conversions:HKD-USD:USD                                                                 -320.45 USD = 0.00 USD
    equity:friends                                                                                   28.50 HKD = 0.00 HKD
    equity:kins:special                                                                           4 500.00 CNY = 0.00 CNY
    equity:kins:special                                                                              90.00 HKD = 0.00 HKD
    equity:kins:families:3833b42e-dad3-425c-b254-904be68993e4                                    -4 500.00 CNY = 0.00 CNY
    equity:kins:families:3833b42e-dad3-425c-b254-904be68993e4                                    55 746.25 HKD = 0.00 HKD
    liabilities:accrued expenses:insurances:levy                                                     23.52 HKD = 0.00 HKD
    liabilities:accrued expenses:insurances:life:7435ecd0-fbc5-4f80-bfdf-d26ee85a1f25            47 498.00 HKD = 0.00 HKD
    liabilities:accrued expenses:insurances:life:d2926e7a-1f12-4194-92be-978768d964a7            23 506.28 HKD = 0.00 HKD
    equity:unaccounted                                                                           13 400.03 HKD = 0.00 HKD
    equity:opening/closing balances
